:20:MT940
:25:/PL62105012141000002227500978
:28C:00103
:60F:C160519PLN30813,60
:61:1605190519C1000,00S03497201616326
:86:034
:86:034~00TC20PRZELEW
~20III semestr studi¢w
~21doktoranckich~22I rata i IV rata
~23Roman Ma‰ka~24
~25
~2966105013571000009077182542~3010501357
~311000009077182542 ~32RZEPKA KATARZYNA ALEJA MùOD
~33YCH 10/16 41-106 SIEMIANOWI
~34034
~38PL66105013571000009077182542
~62CE óL§SKIE 
~63
:61:1605190519C0,00S940NONREF
:86:940~00Informacje szczeg¢àowe:
:86:940~20Saldo dost.:34283,60~21Saldo bieæ.:34283,60
:86:940~22Kw blokad:0,00
:62F:C160519PLN34283,60
:64:C160519PLN34283,60
:86:NAME ACCOUNT OWNER:Gù‡WNY INSTYTUT G‡RNICTWA
ACCOUNT DESCRIPTION: CURRENT ACCOUNT
-
